<?xml version="1.0" encoding="UTF-8"?><collection xmlns="http://www.loc.gov/MARC21/slim"><record><leader>00443nam--2200157-i-4500</leader><controlfield tag="001">000008203</controlfield><controlfield tag="002">20161230</controlfield><controlfield tag="005">20161230201027</controlfield><controlfield tag="008">060222s1000------------r-----000-0-eng-d</controlfield><datafield ind1=" " ind2=" " tag="080"><subfield code="a">512.9</subfield></datafield><datafield ind1=" " ind2=" " tag="100"><subfield code="a">Cater, Frank S</subfield></datafield><datafield ind1=" " ind2=" " tag="245"><subfield code="a">Lectures on real and complex vector spaces</subfield></datafield><datafield ind1=" " ind2=" " tag="260"><subfield code="a">Philadelphia, W.S.Saunders Co.,1966. X + 167 P</subfield></datafield><datafield ind1=" " ind2=" " tag="490"><subfield code="a">Saunders Mathematics Books</subfield></datafield><datafield ind1=" " ind2=" " tag="852"><subfield code="a">27584</subfield><subfield code="c">512.94:512.972</subfield></datafield><datafield ind1=" " ind2=" " tag="CAT"><subfield code="a">Sys</subfield><subfield code="c">20080526</subfield><subfield code="h">112401</subfield></datafield></record></collection>